@book{taocp2,
  author = {Knuth, Donald E.},
  isbn = {0201896842},
  publisher = {Addison-Wesley Longman Publishing Co., Inc.},
  title = {The art of computer programming},
  subtitle = {Seminumerical Algorithms},
  volume = {2},
  edition = {3},
  doi = {10.5555/270146},
  year = {1997},
  chapter = {3},
}


@incollection{vonNeumann1951,
  title     = {Various Techniques Used in Connection with Random Digits},
  author    = {von Neumann, John},
  booktitle = {Monte Carlo Method},
  editor    = {Householder, A.~S. and Forsythe, G.~E. and Germond, H.~H.},
  series    = {National Bureau of Standards Applied Mathematics Series},
  volume    = {12},
  chapter   = {13},
  pages     = {36--38},
  year      = {1951},
  publisher = {US Government Printing Office},
  address   = {Washington, DC},
  url       = {https://mcnp.lanl.gov/pdf_files/nbs_vonneumann.pdf},
}

@inproceedings{lehmer49,
  author = {D.H. Lehmer},
  title = {Mathematical Methods in Large-scale Computing Units},
  booktitle = {Proceedings of the Second Symposium on Large Scale Digital Computing Machinery},
  year = {1949},
  url = {https://archive.org/details/proceedings_of_a_second_symposium_on_large-scale_/page/n178},
  pages = {141--146},
}

@article{tausworthe,
  author = {Tausworthe, Robert},
  year = {1965},
  month = {05},
  pages = {201-201},
  title = {Random Numbers Generated by Linear Recurrence Modulo Two},
  volume = {19},
  journal = {Mathematics of Computation - Math. Comput.},
  doi = {10.2307/2003345},
}

@article{lewis,
  author = {Lewis, T. G. and Payne, W. H.},
  title = {Generalized Feedback Shift Register Pseudorandom Number Algorithm},
  year = {1973},
  issue_date = {July 1973},
  publisher = {Association for Computing Machinery},
  address = {New York, NY, USA},
  volume = {20},
  number = {3},
  issn = {0004-5411},
  doi = {10.1145/321765.321777},
  journal = {J. ACM},
  month = {6},
  pages = {456--468},
  numpages = {13}
}

@article{wikramaratna,
  author = {Roy S. Wikramaratna},
  title = {ACORN -- A new method for generating sequences of uniformly distributed Pseudo-random Numbers},
  journal = {Journal of Computational Physics},
  volume = {83},
  number = {1},
  pages = {16-31},
  year = {1989},
  issn = {0021-9991},
  doi = {10.1016/0021-9991(89)90221-0},
}

@article{matsumoto98,
  author = {Makoto Matsumoto and Takuji Nishimura},
  title = {Mersenne twister: a 623-dimensionally equidistributed uniform pseudo-random number generator},
  journal = {ACM Transactions on Modeling and Computer Simulation},
  volume = {8},
  issue = {1},
  pages = {3--30} ,
  year = {1998},
  doi = {10.1145/272991.272995},
  url = {http://www.math.sci.hiroshima-u.ac.jp/~m-mat/MT/ARTICLES/mt.pdf},
  citeseerx = {10.1.1.215.1141},
}

@article{xor03,
  author = {George Marsaglia},
  title = {Xorshift RNGs},
  journal = {Journal of Statistical Software, Articles},
  volume = {8},
  number = {14},
  year = {2003},
  abstract = {Description of a class of simple, extremely fast random number generators (RNGs) with periods 2k - 1 for k = 32, 64, 96, 128, 160, 192. These RNGs seem to pass tests of randomness very well.},
  issn = {1548-7660},
  pages = {1--6},
  doi = {10.18637/jss.v008.i14},
}


@online{ACORN,
  title = {ACORN random numbers},
  author = {Roy S. Wikramaratna},
  date = {2019-03-31},
  url = {http://acorn.wikramaratna.org},
  urldate = {2021-05-30},
}

@online{MT,
  author = {Makoto Matsumoto},
  title = {Mersenne Twister Home Page},
  url = {http://www.math.sci.hiroshima-u.ac.jp/m-mat/MT/emt.html},
  urldate = {2021-05-31},
}


@misc{psb_infRGN,
  title = {How to Generate Pseudorandom Numbers},
  url = {https://youtu.be/C82JyCmtKWg},
  author = {PBS Infinite Series},
  date = {2017},
}

@misc{aghRNG16,
  title = {Generatory liczb pseudolosowych},
  url = {http://home.agh.edu.pl/~chwiej/mn/generatory_16.pdf},
  author = {Tomasz Chwiej},
  organization = {AGH},
  urldate = {2021-05-16},
}

@inproceedings{viega2003,
  author    = {John Viega},
  title     = {Practical Random Number Generation in Software},
  booktitle = {Proc. 19th Annual Computer Security Applications Conference},
  year      = {2003},
  url = {https://www.acsac.org/2003/papers/79.pdf},
}

@online{nistGlossary,
  title = {Pseudorandom Number (or Bit) Generator},
  author = {CSRC},
  url = {https://csrc.nist.gov/glossary/term/Pseudorandom_Number_Generator},
}

@article{payne69,
  author = {Payne, W. H. and Rabung, J. R. and Bogyo, T. P.},
  title = {Coding the Lehmer Pseudo-Random Number Generator},
  year = {1969},
  issue_date = {Feb. 1969},
  publisher = {Association for Computing Machinery},
  address = {New York, NY, USA},
  volume = {12},
  number = {2},
  issn = {0001-0782},
  doi = {10.1145/362848.362860},
  journal = {Commun. ACM},
  month = feb,
  pages = {85–86},
  numpages = {2},
}

@article{tgfsr1,
  author = {Matsumoto, Makoto and Kurita, Yoshiharu},
  title = {Twisted GFSR Generators},
  year = {1992},
  issue_date = {July 1992},
  publisher = {Association for Computing Machinery},
  address = {New York, NY, USA},
  volume = {2},
  number = {3},
  issn = {1049-3301},
  doi = {10.1145/146382.146383},
  journal = {ACM Trans. Model. Comput. Simul.},
  month = jul,
  pages = {179--194},
  numpages = {16},
  url = {http://www.math.sci.hiroshima-u.ac.jp/m-mat/MT/ARTICLES/tgfsr3.pdf},
}

@article{tgfsr2,
  author = {Matsumoto, Makoto and Kurita, Yoshiharu},
  title = {Twisted GFSR Generators II},
  year = {1994},
  issue_date = {July 1994},
  publisher = {Association for Computing Machinery},
  address = {New York, NY, USA},
  volume = {4},
  number = {3},
  issn = {1049-3301},
  doi = {10.1145/189443.189445},
  journal = {ACM Trans. Model. Comput. Simul.},
  month = jul,
  pages = {254–266},
  numpages = {13},
  url = {http://www.math.sci.hiroshima-u.ac.jp/m-mat/MT/ARTICLES/ttgfsr7.pdf},
}

@article{brent,
  author = {Richard P. Brent},
  title = {Note on Marsaglia's Xorshift Random Number Generators},
  journal = {Journal of Statistical Software, Articles},
  volume = {11},
  number = {5},
  year = {2004},
  abstract = {Marsaglia (2003) has described a class of Xorshift random number generators (RNGs) with periods 2n - 1 for n = 32, 64, etc. We show that the sequences generated by these RNGs are identical to the sequences generated by certain linear feedback shift register (LFSR) generators using \"exclusive or\" (xor) operations on n-bit words, with a recurrence defined by a primitive polynomial of degree n.},
  issn = {1548-7660},
  pages = {1--5},
  doi = {10.18637/jss.v011.i05},
}

@book{leemis,
  author = {Lawrence L. Leemis and Stephen K. Park},
  title = {Discrete-Event Simulation: A First Course},
  year = {2007},
  pages = {37--99},
}

@article{skeptric,
  author = {Edward Ross},
  title = {From Bernoulli to Binomial Distributions},
  url = {https://skeptric.com/bernoulli-binomial/},
  urldate = {2021-06-09},
}

@software{ent,
  title = {ENT -- A Pseudorandom Number Sequence Test Program},
  author = {John Walker},
  date = {2008-01-28},
  organization = {Fourmilab},
  url = {https://www.fourmilab.ch/random},
}

@software{dieharder,
  title = {Dieharder: A Random Number Test Suite},
  author = {Robert G. Brown},
  organization = {Duke University Physics Department},
  url = {https://webhome.phy.duke.edu/~rgb/General/dieharder.php},
}

@article{wiley2018,
  author = {Sinha, Shobhit and Islam, SK Hafizul and Obaidat, Mohammad S.},
  title = {A comparative study and analysis of some pseudorandom number generator algorithms},
  journal = {Security and Privacy},
  volume = {1},
  number = {6},
  pages = {1:e46},
  doi = {10.1002/spy2.46},
  year = {2018}
}

@misc{randomOrgVis,
  title = {RANDOM.org -- Simple Visual Analysis},
  url = {https://www.random.org/analysis/#visual},
}


@misc{se:mo:prngAlg,
  title = {Pseudo-random number generation algorithms},
  howpublished = {MathOverflow},
  date = {2010-06-26},
  url = {https://mathoverflow.net/q/29494},
}

@misc{se:so:uExp,
  author = {Alok Singhal},
  title = {Pseudorandom Number Generator - Exponential Distribution},
  howpublished = {StackOverflow},
  url = {https://stackoverflow.com/a/2106564},
}

@misc{se:so:normCpp,
  author = {S.Lott},
  title = {Generate random numbers following a normal distribution in C/C++},
  howpublished = {StackOverflow},
  url = {https://stackoverflow.com/a/2325531},
}

@misc{se:so:testing,
  author = {adsk},
  title = {How to test a random generator},
  howpublished = {StackOverflow},
  url = {https://stackoverflow.com/q/2130621},
}

@misc{se:crypto:dieharder,
  author = {Paul Uszak},
  title = {How can I make my input file suitable for Dieharder?},
  howpublished = {Cryptography Stack Exchange},
  url = {https://crypto.stackexchange.com/a/87122},
}


@online{wiki:PRNG,
  author = {Wikipedia contributors},
  title = {Pseudorandom number generator},
  year = {2021},
  url = {https://en.wikipedia.org/w/index.php?title=Pseudorandom_number_generator},
  urldate = {2021-05-15},
}

@online{wiki:genFib,
  author = {Wikipedia contributors},
  title = {Generator Fibonacciego},
  date = {2020-03-28},
  urldate = {2021-05-30},
  url = {https://pl.wikipedia.org/wiki/Generator_Fibonacciego},
}

@online{wiki:poisson_knuth,
  author = {Wikipedia contributors},
  title = {Generating Poisson-distributed random variables},
  date = {2020-06-01},
  urldate = {2021-06-03},
  url = {https://en.wikipedia.org/wiki/Poisson_distribution#Generating_Poisson-distributed_random_variables},
}


@software{   TestU01,
  title = {Empirical Testing of Random Number Generators},
  author = {Pierre L'Ecuyer},
  institution = {Université de Montréal},
  organization = {Canada Research Chair in Stochastic Simulation and Optimization},
  url = {http://simul.iro.umontreal.ca/testu01/tu01.html},
  version = {1.2.3},
}

@article{    LEcuyer1994,
  author={L'Ecuyer, Pierre},
  title={Uniform random number generation},
  journal={Annals of Operations Research},
  year={1994},
  month={Dec},
  day={01},
  volume={53},
  number={1},
  pages={77--120},
  issn={1572-9338},
  doi={10.1007/BF02136827},
}

@techreport{ LEcuyer2004,
  address = {Berlin},
  author = {Pierre L'Ecuyer},
  copyright = {http://www.econstor.eu/dspace/Nutzungsbedingungen},
  keywords = {330},
  language = {eng},
  number = {2004,21},
  publisher = {Humboldt-Universität zu Berlin, Center for Applied Statistics and Economics (CASE)},
  title = {Random number generation},
  type = {Papers},
  url = {https://hdl.handle.net/10419/22195},
  year = {2004}
}

@article{    LEcuyer2007,
  author = {L'Ecuyer, Pierre and Simard, Richard},
  title = {TestU01: A C Library for Empirical Testing of Random Number Generators},
  year = {2007},
  issue_date = {August 2007},
  publisher = {Association for Computing Machinery},
  address = {New York, NY, USA},
  volume = {33},
  number = {4},
  issn = {0098-3500},
  doi = {10.1145/1268776.1268777},
  journal = {ACM Trans. Math. Softw.},
  month = aug,
  articleno = {22},
  numpages = {40},
}

@conference{ LEcuyer2017,
  title = {History of Uniform Random Number Generation},
  author = {Pierre L'Ecuyer},
  booktitle  = {Proceedings of the 2017 Winter Simulation Conference},
  pages = {202--230},
  year = {2017},
  publisher = {IEEE Press},
  url = {https://www.informs-sim.org/wsc17papers/includes/files/016.pdf},
}

@article{    Panneton2005,
  author = {Panneton, François and L'Ecuyer, Pierre},
  title = {On the Xorshift Random Number Generators},
  year = {2005},
  issue_date = {October 2005},
  publisher = {Association for Computing Machinery},
  address = {New York, NY, USA},
  volume = {15},
  number = {4},
  issn = {1049-3301},
  doi = {10.1145/1113316.1113319},
  journal = {ACM Trans. Model. Comput. Simul.},
  month = oct,
  pages = {346–361},
  numpages = {16},
  url = {https://www.iro.umontreal.ca/~lecuyer/myftp/papers/xorshift.pdf},
}
